<record><leader>00000cas a2200000 a 4500</leader><controlfield tag="001">44038776</controlfield><controlfield tag="008">000512d20002015wiuwr ne      0   a0eng c</controlfield><datafield ind1=" " ind2=" " tag="010"><subfield code="a">   00212401 </subfield></datafield><datafield ind1=" " ind2=" " tag="040"><subfield code="a">WIH</subfield><subfield code="b">eng</subfield><subfield code="c">WIH</subfield><subfield code="d">NSD</subfield><subfield code="d">OCLCQ</subfield><subfield code="d">DLC</subfield></datafield><datafield ind1=" " ind2=" " tag="012"><subfield code="m">d</subfield></datafield><datafield ind1="1" ind2=" " tag="022"><subfield code="a">1530-8189</subfield><subfield code="l">1530-8189</subfield><subfield code="y">0883-6566</subfield><subfield code="2">1</subfield></datafield><datafield ind1=" " ind2=" " tag="037"><subfield code="b">Hometown News, 5124 Farwell St., McFarland, WI 53558</subfield></datafield><datafield ind1=" " ind2=" " tag="042"><subfield code="a">nsdp</subfield><subfield code="a">pcc</subfield></datafield><datafield ind1=" " ind2=" " tag="043"><subfield code="a">n-us-wi</subfield></datafield><datafield ind1=" " ind2="4" tag="222"><subfield code="a">The McFarland thistle</subfield></datafield><datafield ind1="0" ind2="4" tag="245"><subfield code="a">The McFarland thistle.</subfield></datafield><datafield ind1=" " ind2=" " tag="260"><subfield code="a">McFarland, Wis. :</subfield><subfield code="b">Hometown News,</subfield><subfield code="c">2000-</subfield></datafield><datafield ind1=" " ind2=" " tag="300"><subfield code="a">v. :</subfield><subfield code="b">ill. ;</subfield><subfield code="c">58 cm.</subfield></datafield><datafield ind1=" " ind2=" " tag="310"><subfield code="a">Weekly</subfield></datafield><datafield ind1="0" ind2=" " tag="362"><subfield code="a">Vol. 34, no. 35 [i.e. 39] (May 11, 2000)-</subfield></datafield><datafield ind1="1" ind2=" " tag="362"><subfield code="a">Ceased in 2015?</subfield></datafield><datafield ind1=" " ind2=" " tag="580"><subfield code="a">Merged with: Herald-independent, to form: Herald-independent and McFarland thistle.</subfield></datafield><datafield ind1=" " ind2="0" tag="651"><subfield code="a">McFarland (Wis.)</subfield><subfield code="v">Newspapers.</subfield></datafield><datafield ind1=" " ind2=" " tag="752"><subfield code="a">United States</subfield><subfield code="b">Wisconsin</subfield><subfield code="c">Dane</subfield><subfield code="d">McFarland.</subfield></datafield><datafield ind1="0" ind2="0" tag="780"><subfield code="t">McFarland community life</subfield><subfield code="x">0883-6566</subfield><subfield code="w">(OCoLC)11948664</subfield></datafield><datafield ind1="1" ind2="7" tag="785"><subfield code="t">Herald-independent</subfield><subfield code="x">1535-7392</subfield><subfield code="w">(DLC)  2001211697</subfield><subfield code="w">(OCoLC)47179737</subfield></datafield><datafield ind1="1" ind2="7" tag="785"><subfield code="t">Herald-independent and McFarland thistle</subfield><subfield code="x">2471-3953</subfield><subfield code="w">(DLC)  2016200289</subfield><subfield code="w">(OCoLC)944443175</subfield></datafield><datafield ind1="1" ind2=" " tag="029"><subfield code="a">AU@</subfield><subfield code="b">000021630630</subfield></datafield></record>